<?xml version="1.0" encoding="UTF-8"?>
  <record xmlns="http://www.loc.gov/MARC21/slim" type="Authority">
    <leader>00000nz  a2200000nc 4500</leader>
    <controlfield tag="001">118565362</controlfield>
    <controlfield tag="003">DE-101</controlfield>
    <controlfield tag="005">20140102165809.0</controlfield>
    <controlfield tag="008">880701n||azznnaabn           | aaa    |c</controlfield>
    <datafield tag="024" ind1="7" ind2=" ">
      <subfield code="a">118565362</subfield>
      <subfield code="0">http://d-nb.info/gnd/118565362</subfield>
      <subfield code="2">gnd</subfield>
    </datafield>
    <datafield tag="035" ind1=" " ind2=" ">
      <subfield code="a">(DE-101)118565362</subfield>
    </datafield>
    <datafield tag="035" ind1=" " ind2=" ">
      <subfield code="a">(DE-588)118565362</subfield>
    </datafield>
    <datafield tag="035" ind1=" " ind2=" ">
      <subfield code="z">(DE-588a)118565362</subfield>
      <subfield code="9">v:zg</subfield>
    </datafield>
    <datafield tag="035" ind1=" " ind2=" ">
      <subfield code="z">(DE-588c)4032447-3</subfield>
      <subfield code="9">v:zg</subfield>
    </datafield>
    <datafield tag="040" ind1=" " ind2=" ">
      <subfield code="a">DE-101</subfield>
      <subfield code="c">DE-101</subfield>
      <subfield code="9">r:DE-101</subfield>
      <subfield code="b">ger</subfield>
      <subfield code="d">8999</subfield>
    </datafield>
    <datafield tag="042" ind1=" " ind2=" ">
      <subfield code="a">gnd1</subfield>
    </datafield>
    <datafield tag="043" ind1=" " ind2=" ">
      <subfield code="c">XA-DE</subfield>
    </datafield>
    <datafield tag="065" ind1=" " ind2=" ">
      <subfield code="a">16.5p</subfield>
      <subfield code="2">sswd</subfield>
    </datafield>
    <datafield tag="065" ind1=" " ind2=" ">
      <subfield code="a">12.2p</subfield>
      <subfield code="2">sswd</subfield>
    </datafield>
    <datafield tag="065" ind1=" " ind2=" ">
      <subfield code="a">7.14p</subfield>
      <subfield code="2">sswd</subfield>
    </datafield>
    <datafield tag="075" ind1=" " ind2=" ">
      <subfield code="b">p</subfield>
      <subfield code="2">gndgen</subfield>
    </datafield>
    <datafield tag="075" ind1=" " ind2=" ">
      <subfield code="b">piz</subfield>
      <subfield code="2">gndspec</subfield>
    </datafield>
    <datafield tag="079" ind1=" " ind2=" ">
      <subfield code="a">g</subfield>
      <subfield code="q">a</subfield>
      <subfield code="q">f</subfield>
      <subfield code="q">s</subfield>
      <subfield code="u">v</subfield>
    </datafield>
    <datafield tag="100" ind1="1" ind2=" ">
      <subfield code="a">Korb, Johann Georg</subfield>
      <subfield code="d">1672-1741</subfield>
    </datafield>
    <datafield tag="375" ind1=" " ind2=" ">
      <subfield code="a">1</subfield>
      <subfield code="2">iso5218</subfield>
    </datafield>
    <datafield tag="400" ind1="1" ind2=" ">
      <subfield code="a">Korb, Johannes Georg</subfield>
      <subfield code="d">1672-1741</subfield>
    </datafield>
    <datafield tag="400" ind1="1" ind2=" ">
      <subfield code="a">Korb, Joannes Georgius</subfield>
      <subfield code="d">1672-1741</subfield>
    </datafield>
    <datafield tag="400" ind1="1" ind2=" ">
      <subfield code="a">Korb, Johannes Georgius</subfield>
      <subfield code="d">1672-1741</subfield>
    </datafield>
    <datafield tag="400" ind1="1" ind2=" ">
      <subfield code="a">Korb, Johann George</subfield>
      <subfield code="d">1672-1741</subfield>
    </datafield>
    <datafield tag="400" ind1="1" ind2=" ">
      <subfield code="a">Korb, Joh. Geo</subfield>
      <subfield code="d">1672-1741</subfield>
    </datafield>
    <datafield tag="548" ind1=" " ind2=" ">
      <subfield code="a">1672-1741</subfield>
      <subfield code="4">datl</subfield>
      <subfield code="4">https://d-nb.info/standards/elementset/gnd#dateOfBirthAndDeath</subfield>
      <subfield code="w">r</subfield>
      <subfield code="i">Lebensdaten</subfield>
      <subfield code="9">v:Abweichende Lebensjahre 1672-1720</subfield>
    </datafield>
    <datafield tag="548" ind1=" " ind2=" ">
      <subfield code="a">08.02.1672-15.11.1741</subfield>
      <subfield code="4">datx</subfield>
      <subfield code="4">https://d-nb.info/standards/elementset/gnd#dateOfBirthAndDeath</subfield>
      <subfield code="w">r</subfield>
      <subfield code="i">Exakte Lebensdaten</subfield>
    </datafield>
    <datafield tag="550" ind1=" " ind2=" ">
      <subfield code="0">(DE-101)040290506</subfield>
      <subfield code="0">(DE-588)4029050-5</subfield>
      <subfield code="0">https://d-nb.info/gnd/4029050-5</subfield>
      <subfield code="a">Jurist</subfield>
      <subfield code="4">berc</subfield>
      <subfield code="4">https://d-nb.info/standards/elementset/gnd#professionOrOccupation</subfield>
      <subfield code="w">r</subfield>
      <subfield code="i">Charakteristischer Beruf</subfield>
    </datafield>
    <datafield tag="550" ind1=" " ind2=" ">
      <subfield code="0">(DE-101)040124010</subfield>
      <subfield code="0">(DE-588)4012401-0</subfield>
      <subfield code="0">https://d-nb.info/gnd/4012401-0</subfield>
      <subfield code="a">Diplomat</subfield>
      <subfield code="4">beru</subfield>
      <subfield code="4">https://d-nb.info/standards/elementset/gnd#professionOrOccupation</subfield>
      <subfield code="w">r</subfield>
      <subfield code="i">Beruf</subfield>
    </datafield>
    <datafield tag="551" ind1=" " ind2=" ">
      <subfield code="0">(DE-101)040297209</subfield>
      <subfield code="0">(DE-588)4029720-2</subfield>
      <subfield code="0">https://d-nb.info/gnd/4029720-2</subfield>
      <subfield code="a">Karlstadt</subfield>
      <subfield code="4">ortg</subfield>
      <subfield code="4">https://d-nb.info/standards/elementset/gnd#placeOfBirth</subfield>
      <subfield code="w">r</subfield>
      <subfield code="i">Geburtsort</subfield>
    </datafield>
    <datafield tag="551" ind1=" " ind2=" ">
      <subfield code="0">(DE-101)040780635</subfield>
      <subfield code="0">(DE-588)4078063-6</subfield>
      <subfield code="0">https://d-nb.info/gnd/4078063-6</subfield>
      <subfield code="a">Sulzbach</subfield>
      <subfield code="g">Oberpfalz</subfield>
      <subfield code="4">orts</subfield>
      <subfield code="4">https://d-nb.info/standards/elementset/gnd#placeOfDeath</subfield>
      <subfield code="w">r</subfield>
      <subfield code="i">Sterbeort</subfield>
    </datafield>
    <datafield tag="667" ind1=" " ind2=" ">
      <subfield code="a">12</subfield>
    </datafield>
    <datafield tag="667" ind1=" " ind2=" ">
      <subfield code="a">384</subfield>
    </datafield>
    <datafield tag="667" ind1=" " ind2=" ">
      <subfield code="a">7</subfield>
    </datafield>
    <datafield tag="667" ind1=" " ind2=" ">
      <subfield code="a">VD-17</subfield>
    </datafield>
    <datafield tag="670" ind1=" " ind2=" ">
      <subfield code="a">NDB; LoC-NA</subfield>
    </datafield>
    <datafield tag="672" ind1=" " ind2="0">
      <subfield code="a">Diarium itineris in Moscoviam. - [1700]</subfield>
    </datafield>
    <datafield tag="672" ind1=" " ind2="0">
      <subfield code="a">Dnevnik putešestvija v Moskoviju &lt;1698 i 1699 gg&gt;. - 1906</subfield>
    </datafield>
    <datafield tag="672" ind1=" " ind2="0">
      <subfield code="a">Dukmeyer, Friedrich E.: Korbs Diarium itineris in Moscoviam und Quellen, die es ergänzen</subfield>
    </datafield>
    <datafield tag="678" ind1=" " ind2=" ">
      <subfield code="b">Diplomat im Dienste Habsburgs, später Kanzleirat und ab 1732 Kanzler des Fürstentums Pfalz-Sulzbach</subfield>
    </datafield>
    <datafield tag="700" ind1="1" ind2="7">
      <subfield code="a">Korb, Johann Georg</subfield>
      <subfield code="d">1672-1741</subfield>
      <subfield code="0">(DLC)nr 98020959</subfield>
      <subfield code="2">naf</subfield>
      <subfield code="9">v:d. 1720</subfield>
    </datafield>
    <datafield tag="913" ind1=" " ind2=" ">
      <subfield code="S">pnd</subfield>
      <subfield code="i">a</subfield>
      <subfield code="a">Korb, Johann Georg</subfield>
      <subfield code="0">(DE-588a)118565362</subfield>
    </datafield>
  </record>
